<record><leader>00000cas a22000007a 4500</leader><controlfield tag="001">16855607</controlfield><controlfield tag="008">871015c19619999txumr ne      0    0eng d</controlfield><datafield ind1=" " ind2=" " tag="010"><subfield code="a">sn 87091018 </subfield></datafield><datafield ind1=" " ind2=" " tag="040"><subfield code="a">PPM</subfield><subfield code="b">eng</subfield><subfield code="c">PPM</subfield><subfield code="d">OCLCQ</subfield></datafield><datafield ind1=" " ind2=" " tag="042"><subfield code="a">msc</subfield></datafield><datafield ind1="0" ind2=" " tag="130"><subfield code="a">Texian (Pasadena, Tex. : 1961)</subfield></datafield><datafield ind1="1" ind2="4" tag="245"><subfield code="a">The Texian.</subfield></datafield><datafield ind1=" " ind2=" " tag="260"><subfield code="a">Pasadena, Tex. :</subfield><subfield code="b">Texian Publications of San Jacinto College</subfield></datafield><datafield ind1=" " ind2=" " tag="310"><subfield code="a">Monthly</subfield></datafield><datafield ind1="0" ind2=" " tag="362"><subfield code="a">Vol. 1, no. 1 (Oct. 20, 1961)-</subfield></datafield><datafield ind1=" " ind2=" " tag="752"><subfield code="a">United States</subfield><subfield code="b">Texas</subfield><subfield code="c">Harris</subfield><subfield code="d">Pasadena.</subfield></datafield></record>